@book{digital_processing_matlab,
  title={Fundamentals of Digital Image Processing: A practical approach with examples in Matlab},
  author={Solomon, Chris and Breckon, Toby},
  year={2011},
  publisher={John Wiley \& Sons}
}

@article{segmentation_review_1,
  title={Medical image segmentation: a review},
  author={Patil, Dinesh D and Deore, Sonal G},
  journal={International Journal of Computer Science and Mobile Computing},
  volume={2},
  number={1},
  pages={22--27},
  year={2013}
}

@article{automated_segm_tech,
  title={Automated medical image segmentation techniques},
  author={Sharma, Neeraj and Aggarwal, Lalit M and others},
  journal={Journal of medical physics},
  volume={35},
  number={1},
  pages={3},
  year={2010},
  publisher={Medknow Publications}
}
@article{journal_of_dermatology,
  title={Digital images in dermatology and the Dermatology Online Atlas on the World Wide Web},
  author={Diepgen, Thomas L and Eysenbach, Gunther},
  journal={The Journal of Dermatology},
  volume={25},
  number={12},
  pages={782--787},
  year={1998},
  publisher={Wiley Online Library}
}
@article{resolution_requirements,
  title={Resolution requirements for digital images in dermatology},
  author={Bittorf, Andreas and Fartasch, Manige and Schuler, Gerold and Diepgen, Thomas L},
  journal={Journal of the American Academy of Dermatology},
  volume={37},
  number={2},
  pages={195--198},
  year={1997},
  publisher={Elsevier}
}
@article{sgmentation_1_survey,
  title={A survey of current methods in medical image segmentation},
  author={Pham, Dzung L and Xu, Chenyang and Prince, Jerry L},
  journal={Annual review of biomedical engineering},
  volume={2},
  number={3},
  pages={315--337},
  year={2000}
}
@article{info_in_images,
  title={Predicting semantic descriptions from medical images with convolutional neural networks},
  author={Schlegl, Thomas and Waldstein, Sebastian M and Vogl, Wolf-Dieter and Schmidt-Erfurth, Ursula and Langs, Georg},
  booktitle={International Conference on Information Processing in Medical Imaging},
  pages={437--448},
  year={2015},
  organization={Springer}
}
@book{bourne2010fundamentals,
  title={Fundamentals of digital imaging in medicine},
  author={Bourne, Roger},
  year={2010},
  publisher={Springer Science \& Business Media}
}

@article{image_acquisition_article,
author = {Mishra, Vikash and Kumar, Shobhit and Shukla, Neeraj},
year = {2017},
month = {07},
pages = {},
title = {Image Acquisition and Techniques to Perform Image Acquisition},
volume = {9},
journal = {SAMRIDDHI : A Journal of Physical Sciences, Engineering and Technology},
doi = {10.18090/samriddhi.v9i01.8333}
}

@book{digital_image_processing_gonzales,
  title={Digital Image Processing, Third edition},
  author={Gonzalez, Rafael C and Woods, Richard E},
  year={2002},
  publisher={Pearson Prentice-Hall}
}

@book{annadurai2007fundamentals,
  title={Fundamentals of digital image processing},
  author={Annadurai, S},
  year={2007},
  publisher={Pearson Education India}
}
@inproceedings{dynamic_range,
author = {Chaurasiya, Rahul and Ramakrishnan, Kalpathi},
year = {2013},
month = {04},
pages = {},
title = {High Dynamic Range Imaging},
doi = {10.1109/CSNT.2013.27}
}

@article{Shannon1949,
  doi = {10.1109/jrproc.1949.232969},
  url = {https://doi.org/10.1109/jrproc.1949.232969},
  year  = {1949},
  publisher = {Institute of Electrical and Electronics Engineers ({IEEE})},
  volume = {37},
  number = {1},
  pages = {10--21},
  author = {C.E. Shannon},
  title = {Communication in the Presence of Noise},
  journal = {Proceedings of the {IRE}}
}

@inbook{CNN_chapter13,
author = {Montesinos-LÃ³pez, Osval and Montesinos, Abelardo and Crossa, Jose},
year = {2022},
month = {01},
pages = {533-577},
title = {Convolutional Neural Networks},
isbn = {978-3-030-89009-4},
doi = {10.1007/978-3-030-89010-0_13}
}

@article{young,
  title={II. The Bakerian Lecture. On the theory of light and colours},
  author={Young, Thomas},
  journal={Philosophical transactions of the Royal Society of London},
  number={92},
  pages={12--48},
  year={1802},
  publisher={The Royal Society London}
}

@article{colors-images,
  title={Digital color imaging},
  author={Sharma, Gaurav and Trussell, H Joel},
  journal={IEEE transactions on image processing},
  volume={6},
  number={7},
  pages={901--932},
  year={1997},
  publisher={IEEE}
}

@article{maxwell1856theory,
  title={Theory of the perception of colors},
  author={Maxwell, James Clerk},
  journal={Trans. R. Scottish Soc. Arts},
  volume={4},
  pages={394--400},
  year={1856}
}

@article{grassmann1854theory,
  title={On the theory of compound colors},
  author={Grassmann, Hermann and others},
  journal={Phil. Mag},
  volume={7},
  pages={254--64},
  year={1854}
}

@book{jain1989fundamentals,
  title={Fundamentals of digital image processing},
  author={Jain, Anil K},
  year={1989},
  publisher={Prentice-Hall, Inc.}
}

@book{roelofs1999png,
  title={PNG: the definitive guide},
  author={Roelofs, Greg},
  year={1999},
  publisher={O'Reilly Media}
}

@book{fiete2010modeling,
  title={Modeling the imaging chain of digital cameras},
  author={Fiete, Robert D},
  year={2010},
  publisher={SPIE press Bellingham, Washington}
}

@article{pal1993review,
  title={A review on image segmentation techniques},
  author={Pal, Nikhil R and Pal, Sankar K},
  journal={Pattern recognition},
  volume={26},
  number={9},
  pages={1277--1294},
  year={1993},
  publisher={Elsevier}
}

@inproceedings{kang2009comparative,
  title={The comparative research on image segmentation algorithms},
  author={Kang, Wen-Xiong and Yang, Qing-Qiang and Liang, Run-Peng},
  booktitle={2009 First international workshop on education technology and computer science},
  volume={2},
  pages={703--707},
  year={2009},
  organization={IEEE}
}

@article{saif2016gradient,
  title={Gradient based image edge detection},
  author={Saif, Jamil AM and Hammad, Mahgoub H and Alqubati, Ibrahim AA},
  journal={International Journal of Engineering and Technology},
  volume={8},
  number={3},
  pages={153},
  year={2016},
  publisher={IACSIT Press}
}

@inproceedings{niu2019research-threshold-segmentaton,
  title={Research and analysis of threshold segmentation algorithms in image processing},
  author={Niu, Zuodong and Li, Handong},
  booktitle={Journal of Physics: Conference Series},
  volume={1237},
  number={2},
  pages={022122},
  year={2019},
  organization={IOP Publishing}
}

@ARTICLE{Canny,
  author={Canny, John},
  journal={IEEE Transactions on Pattern Analysis and Machine Intelligence}, 
  title={A Computational Approach to Edge Detection}, 
  year={1986},
  volume={PAMI-8},
  number={6},
  pages={679-698},
  doi={10.1109/TPAMI.1986.4767851}}
  
@article{otsu,
  title={A threshold selection method from gray-level histograms},
  author={Otsu, Nobuyuki},
  journal={IEEE transactions on systems, man, and cybernetics},
  volume={9},
  number={1},
  pages={62--66},
  year={1979},
  publisher={IEEE}
}

@inproceedings{kaganami2009region-based,
  title={Region-based segmentation versus edge detection},
  author={Kaganami, Hassana Grema and Beiji, Zou},
  booktitle={2009 Fifth International Conference on Intelligent Information Hiding and Multimedia Signal Processing},
  pages={1217--1221},
  year={2009},
  organization={IEEE}
}

@INPROCEEDINGS{clustering,
  author={Dehariya, Vinod Kumar and Shrivastava, Shailendra Kumar and Jain, R.C.},
  booktitle={2010 International Conference on Computational Intelligence and Communication Networks}, 
  title={Clustering of Image Data Set Using K-Means and Fuzzy K-Means Algorithms}, 
  year={2010},
  volume={},
  number={},
  pages={386-391},
  doi={10.1109/CICN.2010.80}}
  
  @inproceedings{k-means,
  title={Classification and analysis of multivariate observations},
  author={MacQueen, J},
  booktitle={5th Berkeley Symp. Math. Statist. Probability},
  pages={281--297},
  year={1967}
}

@article{fuzzy-c-means,
title = {FCM: The fuzzy c-means clustering algorithm},
journal = {Computers & Geosciences},
volume = {10},
number = {2},
pages = {191-203},
year = {1984},
issn = {0098-3004},
doi = {https://doi.org/10.1016/0098-3004(84)90020-7},
url = {https://www.sciencedirect.com/science/article/pii/0098300484900207},
author = {James C. Bezdek and Robert Ehrlich and William Full},
}

@article{mcculloch1943logical-neural-network,
  title={A logical calculus of the ideas immanent in nervous activity},
  author={McCulloch, Warren S and Pitts, Walter},
  journal={The bulletin of mathematical biophysics},
  volume={5},
  number={4},
  pages={115--133},
  year={1943},
  publisher={Springer}
}

@incollection{fukushima1982neocognitron,
  title={Neocognitron: A self-organizing neural network model for a mechanism of visual pattern recognition},
  author={Fukushima, Kunihiko and Miyake, Sei},
  booktitle={Competition and cooperation in neural nets},
  pages={267--285},
  year={1982},
  publisher={Springer}
}

@book{bishop2006pattern,
  title={Pattern recognition and machine learning},
  author={Bishop, Christopher M and Nasrabadi, Nasser M},
  volume={4},
  number={4},
  year={2006},
  publisher={Springer}
}

@book{gurney2018neural-networks,
  title={An introduction to neural networks},
  author={Gurney, Kevin},
  year={2018},
  publisher={CRC press}
}

@article{rosenblatt1958perceptron,
  title={The perceptron: a probabilistic model for information storage and organization in the brain.},
  author={Rosenblatt, Frank},
  journal={Psychological review},
  volume={65},
  number={6},
  pages={386},
  year={1958},
  publisher={American Psychological Association}
}

@article{kumar2012radiomics,
  title={Radiomics: the process and the challenges},
  author={Kumar, Virendra and Gu, Yuhua and Basu, Satrajit and Berglund, Anders and Eschrich, Steven A and Schabath, Matthew B and Forster, Kenneth and Aerts, Hugo JWL and Dekker, Andre and Fenstermacher, David and others},
  journal={Magnetic resonance imaging},
  volume={30},
  number={9},
  pages={1234--1248},
  year={2012},
  publisher={Elsevier}
}

@article{van2020radiomics-guide,
  title={Radiomics in medical imagingââhow-toâ guide and critical reflection},
  author={Van Timmeren, Janita E and Cester, Davide and Tanadini-Lang, Stephanie and Alkadhi, Hatem and Baessler, Bettina},
  journal={Insights into imaging},
  volume={11},
  number={1},
  pages={1--16},
  year={2020},
  publisher={SpringerOpen}
}

@article{gillies2016radiomics-more-than-images,
  title={Radiomics: images are more than pictures, they are data},
  author={Gillies, Robert J and Kinahan, Paul E and Hricak, Hedvig},
  journal={Radiology},
  volume={278},
  number={2},
  pages={563},
  year={2016},
  publisher={Radiological Society of North America}
}

@article{biondi2021classification,
  title={Classification Performance for COVID Patient Prognosis from Automatic AI SegmentationâA Single-Center Study},
  author={Biondi, Riccardo and Curti, Nico and Coppola, Francesca and Giampieri, Enrico and Vara, Giulio and Bartoletti, Michele and Cattabriga, Arrigo and Cocozza, Maria Adriana and Ciccarese, Federica and De Benedittis, Caterina and others},
  journal={Applied Sciences},
  volume={11},
  number={12},
  pages={5438},
  year={2021},
  publisher={MDPI}
}

@article{bozinovski2020reminder,
  title={Reminder of the first paper on transfer learning in neural networks, 1976},
  author={Bozinovski, Stevo},
  journal={Informatica},
  volume={44},
  number={3},
  year={2020}
}

@article{o2015introduction-cnn,
  title={An introduction to convolutional neural networks},
  author={O'Shea, Keiron and Nash, Ryan},
  journal={arXiv preprint arXiv:1511.08458},
  year={2015}
}

@article{hubel1959receptive-cats,
  title={Receptive fields of single neurones in the cat's striate cortex},
  author={Hubel, David H and Wiesel, Torsten N},
  journal={The Journal of physiology},
  volume={148},
  number={3},
  pages={574},
  year={1959},
  publisher={Wiley-Blackwell}
}

@inproceedings{ronneberger2015unet,
  title={U-net: Convolutional networks for biomedical image segmentation},
  author={Ronneberger, Olaf and Fischer, Philipp and Brox, Thomas},
  booktitle={International Conference on Medical image computing and computer-assisted intervention},
  pages={234--241},
  year={2015},
  organization={Springer}
}

@article{shorten2019survey-data-augmentation,
  title={A survey on image data augmentation for deep learning},
  author={Shorten, Connor and Khoshgoftaar, Taghi M},
  journal={Journal of big data},
  volume={6},
  number={1},
  pages={1--48},
  year={2019},
  publisher={SpringerOpen}
}

@article{weiss2016survey-tranfer-learning1,
  title={A survey of transfer learning},
  author={Weiss, Karl and Khoshgoftaar, Taghi M and Wang, DingDing},
  journal={Journal of Big data},
  volume={3},
  number={1},
  pages={1--40},
  year={2016},
  publisher={SpringerOpen}
}
@article{pan2009survey-tranfer-learning2,
  title={A survey on transfer learning},
  author={Pan, Sinno Jialin and Yang, Qiang},
  journal={IEEE Transactions on knowledge and data engineering},
  volume={22},
  number={10},
  pages={1345--1359},
  year={2009},
  publisher={IEEE}
}

@article{hady2013semi-supervised,
  title={Semi-supervised learning},
  author={Hady, Mohamed Farouk Abdel and Schwenker, Friedhelm},
  journal={Handbook on Neural Information Processing},
  pages={215--239},
  year={2013},
  publisher={Springer}
}

@article{van2020survey,
  title={A survey on semi-supervised learning},
  author={Van Engelen, Jesper E and Hoos, Holger H},
  journal={Machine Learning},
  volume={109},
  number={2},
  pages={373--440},
  year={2020},
  publisher={Springer}
}

@article{anisuzzaman2022image-wound-review,
  title={Image-based artificial intelligence in wound assessment: A systematic review},
  author={Anisuzzaman, DM and Wang, Chuanbo and Rostami, Behrouz and Gopalakrishnan, Sandeep and Niezgoda, Jeffrey and Yu, Zeyun},
  journal={Advances in Wound Care},
  volume={11},
  number={12},
  pages={687--709},
  year={2022},
  publisher={Mary Ann Liebert, Inc., publishers 140 Huguenot Street, 3rd Floor New~â¦}
}

@article{gethin2006importance-wound-measurement,
  title={The importance of continuous wound measuring},
  author={Gethin, Georgina},
  journal={WOUNDS UK},
  volume={2},
  number={2},
  pages={60},
  year={2006}
}

@inproceedings{tan2019efficientnet,
  title={Efficientnet: Rethinking model scaling for convolutional neural networks},
  author={Tan, Mingxing and Le, Quoc},
  booktitle={International conference on machine learning},
  pages={6105--6114},
  year={2019},
  organization={PMLR}
}
@inproceedings{sandler2018mobilenetv2,
  title={Mobilenetv2: Inverted residuals and linear bottlenecks},
  author={Sandler, Mark and Howard, Andrew and Zhu, Menglong and Zhmoginov, Andrey and Chen, Liang-Chieh},
  booktitle={Proceedings of the IEEE conference on computer vision and pattern recognition},
  pages={4510--4520},
  year={2018}
}

@article{dietterich1995overfitting,
  title={Overfitting and undercomputing in machine learning},
  author={Dietterich, Tom},
  journal={ACM computing surveys (CSUR)},
  volume={27},
  number={3},
  pages={326--327},
  year={1995},
  publisher={ACM New York, NY, USA}
}